@book{alpaydin,
 author = {Ethem Alpaydin},
 title = {Introduction to Machine Learning},
 year = {2004},
 isbn = {0-262-01211-1},
 publisher = {The MIT Press},
 address = {London, England},
}

@book{chang1,
 author = {Chein-I Chang},
 title = {Hyperspectral Imaging, Techniques for Spectral Detecction and Classification},
 isbn = {0-306-47483-2},
 year = {2003},
 publisher = {Kluwer Academic/Plenum Publishers},
 address = {New York, NY, USA},
}

@book{chang2,
 author = {Chein-I Chang},
 title = {Hyperspectral Data Processing},
 isbn = {978-0-471-69056-6},
 year = {2013},
 publisher = {Jone Wiley \& Sons, Inc.},
 address = {Hoboken, NJ, USA},
}

@book{duda,
 author = {Duda, Richard O. and Hart, Peter E. and Stork, David G.},
 title = {Pattern Classification (2Nd Edition)},
 year = {2000},
 isbn = {0471056693},
 publisher = {Wiley-Interscience},
}

@article{hearst,
  author = {Marti Hearst},
  title = {Support Vector Machines},
  journal = {IEEE Intelligent Systems, 13(4)},
  year = {1998},
  pages = {18-28},
}

@article{libsvm,
 author = {Chang, Chih-Chung and Lin, Chih-Jen},
 title = {{LIBSVM}: A library for support vector machines},
 journal = {ACM Transactions on Intelligent Systems and Technology},
 volume = {2},
 issue = {3},
 year = {2011},
 pages = {27:1--27:27},
 note =	 {Software available at \url{http://www.csie.ntu.edu.tw/~cjlin/libsvm}}
}

@article{baudat,
 author = {Baudat, G. and Anouar, F.},
 title = {Generalized Discriminant Analysis Using a Kernel Approach},
 journal = {Neural Comput.},
 issue_date = {October 2000},
 volume = {12},
 number = {10},
 month = oct,
 year = {2000},
 issn = {0899-7667},
 pages = {2385--2404},
 numpages = {20},
 url = {http://dx.doi.org/10.1162/089976600300014980},
 doi = {10.1162/089976600300014980},
 acmid = {1121922},
 publisher = {MIT Press},
 address = {Cambridge, MA, USA},
} 

@misc{mika,
    author = {Sebastian Mika and Gunnar Rätsch and Jason Weston and Bernhard Schölkopf and Klaus-Robert Müller},
    title = {Fisher Discriminant Analysis With Kernels},
    year = {1999}
}

@misc{max,
    author = {Max Welling},
    title = {Fisher Linear Discriminant Analysis},
    year = {2006}
}

@article{park,
  author = {Park, Cheong Hee and Park, Haesun},
  biburl = {http://www.bibsonomy.org/bibtex/2b994a2fdb693c045ae780fffd83d673a/dblp},
  ee = {http://dx.doi.org/10.1137/S0895479804442334},
  interhash = {6d2e5bae91177d2ba5a50476b05c982b},
  intrahash = {b994a2fdb693c045ae780fffd83d673a},
  journal = {SIAM J. Matrix Analysis Applications},
  keywords = {dblp},
  number = 1,
  pages = {87-102},
  timestamp = {2011-03-23T00:00:00.000+0100},
  title = {Nonlinear Discriminant Analysis Using Kernel Functions and the Generalized Singular Value Decomposition.},
  url = {http://dblp.uni-trier.de/db/journals/siammax/siammax27.html#ParkP05},
  volume = 27,
  year = 2005
}

@article{mcsvm,
 author = {Koby Crammer},
 title = {MCSVM C Code for Multiclass SVM},
 year = {2003},
 note =	 {Software available at \url{http://www.cis.upenn.edu/~crammer}}
}

@article {mercer,
	author = {Mercer, J.},
	title = {Functions of Positive and Negative Type, and their Connection with the Theory of Integral Equations},
	volume = {209},
	number = {441-458},
	pages = {415--446},
	year = {1909},
	doi = {10.1098/rsta.1909.0016},
	publisher = {The Royal Society},
	issn = {0264-3952},
	journal = {Philosophical Transactions of the Royal Society of London A: Mathematical, Physical and Engineering Sciences}
}.

@article{msvmpack,
	author = {F. Lauer and Y. Guermeur},
	title = {{MSVMpack}: a Multi-Class Support Vector Machine Package},
	journal = {Journal of Machine Learning Research},
	volume = {12},
	pages = {2269-2272},
	year = {2011},
	note = {\url{http://www.loria.fr/~lauer/MSVMpack}}	
}

